2021-03-12 * Withdrawal Transfer to acct123
    Assets:Bank123      -0.01 EUR
    Expenses:Unknown    0.01 EUR

2021-03-12 * External Deposit Miscellaneous Payments STRIPE ABCD123K8E
    Assets:Bank123      0.34 EUR
    Expenses:Unknown    -0.34 EUR

2021-01-31 * Maintenance Service Charge
    Assets:Bank123      -1.50 EUR
    Expenses:Unknown    1.50 EUR

2021-01-15 * External Deposit Miscellaneous Payments STRIPE ABCD123J2Q
    Assets:Bank123      0.35 EUR
    Expenses:Unknown    -0.35 EUR

2021-01-11 * Withdrawal Transfer to acct123
    Assets:Bank123      -7.79 EUR
    Expenses:Unknown    7.79 EUR

2021-01-11 * Withdrawal Transfer to acct123
    Assets:Bank123      -0.05 EUR
    Expenses:Unknown    0.05 EUR

