2014-11-01 * Deposit
    ; 0
    Assets:Bank123       500.0000 EUR
    Expenses:Unknown    -500.0000 EUR

2014-11-02 * Check
    ; 101
    Assets:Bank123      -100.0000 EUR
    Expenses:Unknown     100.0000 EUR

2014-11-03 * Check
    ; 102
    Assets:Bank123      -100.0000 EUR
    Expenses:Unknown     100.0000 EUR

2014-11-04 * Check
    ; 103
    Assets:Bank123      -100.0000 EUR
    Expenses:Unknown     100.0000 EUR

2014-11-05 * Check
    ; 104
    Assets:Bank123      -100.0000 EUR
    Expenses:Unknown     100.0000 EUR

2014-11-06 * Check
    ; 105
    Assets:Bank123      -100.0000 EUR
    Expenses:Unknown     100.0000 EUR

2014-11-17 * Deposit
    ; 0
    Assets:Bank123       700.0000 EUR
    Expenses:Unknown    -700.0000 EUR

